% Encoding: UTF-8

@Article{redmon2018yolov3,
  author  = {Redmon, Joseph and Farhadi, Ali},
  journal = {arXiv preprint arXiv:1804.02767},
  title   = {Yolov3: An incremental improvement},
  year    = {2018},
}

@Comment{jabref-meta: databaseType:bibtex;}
